@article{Garey76,
author = {M.R. Garey, R.L. Graham and D.S. Johnson},
title = {Resource Constrained Scheduling as Generalized Bin Packing},
journal = {J. Combinatorical Theory},
year = {1976},
volume = {21},
number = {3},
pages = {257-298},
}

@article{Karm82,
author = {Narendra Karmarkar,Richard M. Karp},
title = {An efficient approxima- tion scheme for the one-dimensional bin-packing problem},
journal = {SFCS ’82: Proceedings of the 23rd Annual Symposium on Foundations of Com- puter Science},
year = {1982},
volume = {},
number = {},
pages = {312-320},
}

@article{Vega81,
author = {Wenceslas Fernandez de la Vega, George S. Lueker},
title = {Bin packing can be solved within 1+epsilon in linear time.},
journal = {Combinatorica},
year = {1981},
volume = {1},
number = {4},
pages = {349-355},
}

@article{Woeg97,
author = {Gerhard J. Woeginger},
title = {There is no asymptotic PTAS for two- dimensional vector packing},
journal = {Information Processing Letters},
year = {1997},
volume = {64},
number = {6},
pages = {293-297},
}

@conference{Chan99,
author = {Chandra Chekuri,Sanjeev Khanna},
title = {On multi-dimensional packing problems},
journal = {SODA ’99: Proceedings of the tenth annual ACM-SIAM symposium on Discrete algorithms},
address = {Baltimore, Maryland, USA},
organization = {Society for Industrial and Applied Mathematics,},
year = {1999},
volume = {},
number = {},
pages = {185-194},
}

@conference{Bans07,
author = {Nikhil Bansal, Alberto Caprara,Maxim Sviridenko},
title = {Improved ap- proximation algorithms for multidimensional bin packing problems.},
journal = {FOCS ’06: Proceedings of the 47th Annual IEEE Symposium on Foun- dations of Computer Science},
address = {WashingtonDC, USA},
organization = {IEEE Computer Society},
year = {2006},
volume = {},
number = {},
pages = {697-708},
}

@conference{Karg07,
author = {David Karger,Krzysztof Onak},
title = {Polynomial approximation schemes for smoothed and random instances of multidimensional packing prob- lems},
journal = {SODA ’07: Proceedings of the eighteenth annual ACM-SIAM symposium on Discrete algorithms},
address = {Philadelphia, PA, USA },
organization = {Society for Industrial and Applied Mathematics},
year = {2007},
volume = {},
number = {},
pages = {1207-1216},
}

@conference{Grit06,
author = "L.Grit , D.Irwin, A.Yumerefendi and J.Chase",
title = {Virtual Machine Hosting for Networked Clusters: Building the Foundations for Autonomic Orchestration},
journal = {VTDC ’06: Proceedings of IEEE International Workshop on Virtualization Technology in Distributed Computing},
address = {Washington, DC, USA},
organization = {IEEE Computer Society},
year = {2006},
volume = {},
number = {},
pages = {},
}

@article{Bian04,
author = "R.Bianchini,R.Rajamony",
title = {Power and energy management for server systems},
journal = {IEEE Computer},
address = {},
organization = {},
year = {2004},
volume = {37},
number = {},
pages = {},
}

@conference{Verm08,
author = "A.Verma, P. Ahuja and A. Neogi. pMapper",
title = {Power and Migration Cost Aware Application Placement in Virtualized Systems},
journal = {MC ’08: Proceedings of the 9th ACM International Middleware Conference},
address = {},
organization = {},
year = {2008},
volume = {},
number = {},
pages = {},
}

@article{Hyse07,
author = "Chris Hyser, Bret Mckee, Rob Gardner and Brian J. Watson",
title = {Autonomic Virtual Machine Placement in the Data Center},
journal = {HP Labs tech- nical report},
address = {},
organization = {},
year = {2007},
volume = {HPL-2007-189},
number = {},
pages = {},
}

@conference{Bobr07,
author = "N. Bobroff, A. Kochut and K. Beaty",
title = {Dynamic Placement of Virtual Machines for Managing SLA Violations},
journal = {IM ’07: Proceedings of the 10th IEEE Symposium on Integrated Management},
address = {Washington, DC, USA},
organization = {IEEE Computer Society},
year = {2007},
volume = {},
number = {},
pages = {},
}


@conference{Shah01,
author = "Johara Shahabuddin, Abhay Chrungoo and Vishu Gupta and Sandeep Juneja and Sanjiv Kapoor and Arun Kumar",
title = {Stream-Packing: Resource Allocation in Web Server Farms with a QoS Guarantee},
journal = {HiPC ’01: Proceedings of the High Performance Computing Conference},
address = {Springer Berlin / Heidelberg},
title = {Lecture Notes in Com- puter Science},
organization = {},
year = {2001},
volume = {},
number = {},
pages = {182-191},
}

